@InProceedings{bib:llvm,
     Author  = {Chris Lattner and Vikram Adve},
     Title = {{LLVM}: A Compilation Framework for Lifelong Program Analysis and Transformation},
     Booktitle = {Proc. of the 2004 International Symposium on Code Generation and Optimization (CGO'04)},
     Address = {San Jose, CA, USA},
     Month = {Mar},
     Year  = {2004},
     pages       = {75--88},
     note = {http://llvm.org/}
}


@Misc{bib:libclang,
  author = 	 {Chandler Carruth and Eric Christopher and Doug Gregor and  Anton Korobeynikov and Ted Kremenek and John McCall and Chad Rosier and Richard Smith},
  title = 	 {libclang: {\C/\Cpp} translation unit parser library},
  howpublished = {http://clang.llvm.org},
  year = 2007}

@Misc{bib:RLLVMCompile,
  author = 	 {Duncan {Temple Lang} and Vince Buffalo},
  title = 	 {RLLVMCompile: a simple LLVM-based compiler for R code},
  howpublished = {https://github.com/duncantl/RLLVMCompile},
  month = 	 {February},
  year = 	 2011
}

@Misc{bib:RCIndex,
  author = 	 {Duncan {{Temple Lang}}},
  title = 	 {{RCIndex}: {R} Interface to the clang parser's {C} {API}},
  howpublished = {https://github.com/duncantl/RCIndex},
  month = 	 {August},
  year = 	 2010
}

@Manual{bib:R,
    title = {R: A Language and Environment for Statistical Computing},
    author = {{R Core Team}},
    organization = {R Foundation for Statistical Computing},
    address = {Vienna, Austria},
    year = {2013},
    url = {http://www.R-project.org/},
  }


 @Article{bib:Rcpp,
    title = {{Rcpp}: Seamless {R} and {C++} Integration},
    author = {Dirk Eddelbuettel and Romain Fran\c{c}ois},
    journal = {Journal of Statistical Software},
    year = {2011},
    volume = {40},
    number = {8},
    pages = {1--18},
    url = {http://www.jstatsoft.org/v40/i08/},
  }



@Misc{bib:numpy,
  author =    {Eric Jones and Travis Oliphant and Pearu Peterson and others},
  title =     {{SciPy}: Open source scientific tools for {Python}},
  year =      2001,
  url = "http://www.scipy.org/"
}

@Manual{bib:Rllvm,
    title = {Rllvm: Interface to \llvm{} for creating native functions},
    author = {Duncan {Temple Lang} and Vince Buffalo},
    note = {R package version 0.5-0},
    url = {http://www.omegahat.org/Rllvm, https://github.com/duncantl/Rllvm},
    year = 2010
  }



